@inproceedings{pustejovsky_moszkowicz:2011,
    Address = {Oxford, England},
    Author = {James Pustejovsky and Jessica L. Moszkowicz and Marc Verhagen},
    Booktitle = {Proceedings of ISA-6: ACL-ISO International Workshop on Semantic Annotation},
    Date-Added = {2011-10-25 11:50:28 -0400},
    Date-Modified = {2011-10-25 11:50:28 -0400},
    Month = {January},
    Title = {ISO-Space: The Annotation of Spatial Information in Language},
    Year = {2011}}
    
@inbook{norman:2002,
    Author = {Donald A. Norman},
    Chapter = {4},
    Date-Added = {2013-02-14 21:56:53 +0000},
    Date-Modified = {2013-02-14 22:08:04 +0000},
    Publisher = {Basic books},
    Read = {0},
    Title = {The Design of Everyday Things},
    Year = {2002}
}

@inproceedings{slobin:1999,
    Title={Sign language transcription at the morphological level: the Berkeley Transcription System (BTS)},
    Author={Slobin, Dan I and Hoiting, Nini and Anthony, Michelle and Biederman, Yael and Kuntze, Marlon and Lindert, Reyna and Pyers, Jennie and Thumann, Helen and Weinberg, Amy},
    Booktitle={Report to European Sci. Found., London Intersign Workshop on Acquisition},
    Pages={4--6},
    Year={1999}
}