@article{cohn1997qualitative,
  title={Qualitative spatial representation and reasoning with the region connection calculus},
  author={Cohn, Anthony G and Bennett, Brandon and Gooday, John and Gotts, Nicholas Mark},
  journal={Geoinformatica},
  volume={1},
  number={3},
  pages={275--316},
  year={1997},
  publisher={Springer}
}
@article{isli2000new,
  title={A new approach to cyclic ordering of 2D orientations using ternary relation algebras},
  author={Isli, Amar and Cohn, Anthony G},
  journal={Artificial Intelligence},
  volume={122},
  number={1},
  pages={137--187},
  year={2000},
  publisher={Elsevier}
}
@article{cristani2002spaceml,
  title={SpaceML: A mark-up language for spatial knowledge},
  author={Cristani, Matteo and Cohn, Anthony G},
  journal={Journal of Visual Languages \& Computing},
  volume={13},
  number={1},
  pages={97--116},
  year={2002},
  publisher={Elsevier}
}
@article{slobin2001sign,
  title={Sign language transcription at the level of meaning components: The Berkeley Transcription System (BTS)},
  author={Slobin, Dan I and Hoiting, Nini and Anthony, Michelle and Biederman, Yael and Kuntze, Marlon and Lindert, Reyna and Pyers, Jennie and Thumann, Helen and Weinberg, Amy},
  journal={Sign Language \& Linguistics},
  volume={4},
  number={1-2},
  pages={1--2},
  year={2001},
  publisher={John Benjamins Publishing Company}
}
@article{mani2010spatialml,
  title={SpatialML: annotation scheme, resources, and evaluation},
  author={Mani, Inderjeet and Doran, Christy and Harris, Dave and Hitzeman, Janet and Quimby, Rob and Richer, Justin and Wellner, Ben and Mardis, Scott and Clancy, Seamus},
  journal={Language Resources and Evaluation},
  volume={44},
  number={3},
  pages={263--280},
  year={2010},
  publisher={Springer}
}
@misc{talmy1978figure,
  title={Figure and ground in complex sentences. Universals in human language, vol. by Joseph Greenberg, 625-649},
  author={Talmy, Leonard},
  year={1978},
  publisher={Stanford, CA: Stanford University Press}
}
@inproceedings{herskovits1980spatial,
  title={On the spatial uses of prepositions},
  author={Herskovits, Annette},
  booktitle={Proceedings of the 18th annual meeting on Association for Computational Linguistics},
  pages={1--5},
  year={1980},
  organization={Association for Computational Linguistics}
}
@inproceedings{stubbs2011mae,
  title={MAE and MAI: lightweight annotation and adjudication tools},
  author={Stubbs, Amber},
  booktitle={Proceedings of the 5th Linguistic Annotation Workshop},
  pages={129--133},
  year={2011},
  organization={Association for Computational Linguistics}
}
@inproceedings{coyne2001wordseye,
  title={WordsEye: an automatic text-to-scene conversion system},
  author={Coyne, Bob and Sproat, Richard},
  booktitle={Proceedings of the 28th annual conference on Computer graphics and interactive techniques},
  pages={487--496},
  year={2001},
  organization={ACM}
}
@inproceedings{pustejovsky2011iso,
  title={ISO-Space: The annotation of spatial information in language},
  author={Pustejovsky, James and Moszkowicz, Jessica L and Verhagen, Marc},
  booktitle={Proceedings of the Joint ACL-ISO Workshop on Interoperable Semantic Annotation},
  pages={1--9},
  year={2011}
}
@book{joachims1998text,
  title={Text categorization with support vector machines: Learning with many relevant features},
  author={Joachims, Thorsten},
  year={1998},
  publisher={Springer}
}
@article{clementini1997qualitative,
  title={Qualitative representation of positional information},
  author={Clementini, Eliseo and Felice, Paolino Di and Hern{\'a}ndez, Daniel},
  journal={Artificial Intelligence},
  volume={95},
  number={2},
  pages={317--356},
  year={1997},
  publisher={Elsevier}
}
@inproceedings{mani2008spatialml,
  title={SpatialML: Annotation scheme, corpora, and tools},
  author={Mani, Inderjeet and Hitzeman, Janet and Richer, Justin and Harris, Dave and Quimby, Rob and Wellner, Ben},
  booktitle={6th International Conference on Language Resources and Evaluation (LREC 2008), Marrakech, Morocco},
  year={2008}
}
@book{talmy2000toward,
  title={Toward a cognitive semantics},
  author={Talmy, Leonard},
  volume={2},
  year={2000},
  publisher={MIT press Cambridge}
}
@article{hayes1978naive,
  title={$\{$The naive physics manifesto$\}$},
  author={Hayes, Patrick J and others},
  year={1978},
  publisher={Universit $\{${\'e}$\}$ de Gen $\{${\`e}$\}$ ve, Institut pour les $\{${\'e}$\}$ tudes s $\{${\'e}$\}$ mantiques et cognitives}
}
@article{miller1995wordnet,
  title={WordNet: a lexical database for English},
  author={Miller, George A},
  journal={Communications of the ACM},
  volume={38},
  number={11},
  pages={39--41},
  year={1995},
  publisher={ACM}
}